@TechReport{Storn95,
    author = {Storn R., Price K.},
    title = {Differential Evolution -- A Simple and Efficient Heuristic
        for Global Optimization over Continuous Spaces},
    institution = {ICSI},
    year = {1995},
    number = {Technical Report TR-95-012}
}

@article{Kozlov11,
    author = {Konstantin Kozlov and Alexander Samsonov},
    title = {DEEP -- Differential Evolution Entirely
        Parallel Method for Gene Regulatory Networks},
    journal = {Journal of Supercomputing},
    year = {2011},
    volume = {57},
    pages = {172-178}
}

